@ARTICLE{370583,
  author={Sarkar, T.K. and Pereira, O.},
  journal={IEEE Antennas and Propagation Magazine}, 
  title={Using the matrix pencil method to estimate the parameters of a sum of complex exponentials}, 
  year={1995},
  volume={37},
  number={1},
  pages={48-55},
  keywords={Parameter estimation;Electromagnetic scattering;Radar scattering;Frequency;Time factors;Antennas and propagation;Image analysis;Signal analysis;Radar antennas;Radar signal processing},
  doi={10.1109/74.370583}}

@ARTICLE{49090,
  author={Hauer, J.F. and Demeure, C.J. and Scharf, L.L.},
  journal={IEEE Transactions on Power Systems}, 
  title={Initial results in Prony analysis of power system response signals}, 
  year={1990},
  volume={5},
  number={1},
  pages={80-89},
  keywords={Signal analysis;Power system analysis computing;Power system stability;Power system simulation;Power system transients;Frequency estimation;Power system modeling;Phase estimation;Damping;Data mining},
  doi={10.1109/59.49090}}