@article{PhysRev.80.580,
  title = {Spin Echoes},
  author = {Hahn, E. L.},
  journal = {Phys. Rev.},
  volume = {80},
  issue = {4},
  pages = {580--594},
  numpages = {0},
  year = {1950},
  month = {Nov},
  publisher = {American Physical Society},
  doi = {10.1103/PhysRev.80.580},
  url = {https://link.aps.org/doi/10.1103/PhysRev.80.580}
}

@PHDTHESIS{Silva2020-io,
  title     = "Método da diagonalização na base de Krylov com
               agrupamento de linhas no ajuste de sinais ruidosos de
               espectroscopia por RM",
  author    = "Silva, Danilo Mendes Dias Delfino da",
  publisher = "Universidade de Sao Paulo, Agencia USP de Gestao da Informacao
               Academica (AGUIA)",
  year      =  2020
}
